<?xml version="1.0" encoding="UTF-8"?><collection xmlns="http://www.loc.gov/MARC21/slim"><record><leader>00598nam--2200193-i-4500</leader><controlfield tag="001">000030737</controlfield><controlfield tag="002">20161230</controlfield><controlfield tag="005">20161230201038</controlfield><controlfield tag="008">060222s1000------------r-----000-0-eng-d</controlfield><datafield ind1=" " ind2=" " tag="020"><subfield code="a">0471563005</subfield></datafield><datafield ind1=" " ind2=" " tag="040"><subfield code="a">IFIN-HH</subfield></datafield><datafield ind1=" " ind2=" " tag="080"><subfield code="a">539.184.2001</subfield></datafield><datafield ind1="1" ind2=" " tag="100"><subfield code="a">Macomber, James D</subfield></datafield><datafield ind1="1" ind2="0" tag="245"><subfield code="a">The dynamics of spectroscopic transitions</subfield><subfield code="b">Illustrated by magnetic resonance and laser effects</subfield><subfield code="c">James d. macomber</subfield></datafield><datafield ind1=" " ind2=" " tag="260"><subfield code="a">New York</subfield><subfield code="b">John Wiley &amp; Sons</subfield><subfield code="c">1976</subfield></datafield><datafield ind1=" " ind2=" " tag="300"><subfield code="a">332P</subfield></datafield><datafield ind1=" " ind2=" " tag="490"><subfield code="a">Wiley-interscience Monographs In Chemical Physics</subfield></datafield><datafield ind1=" " ind2=" " tag="852"><subfield code="a">45127</subfield><subfield code="c">539.18</subfield></datafield><datafield ind1=" " ind2=" " tag="CAT"><subfield code="a">Sys</subfield><subfield code="c">20120703</subfield><subfield code="h">153053</subfield></datafield></record></collection>